@article {Venter,
	author = {Venter, Zander S. and Aunan, Kristin and Chowdhury, Sourangsu and Lelieveld, Jos},
	title = "{COVID-19 lockdowns cause global air pollution declines}",
	volume = {117},
	number = {32},
	pages = {18984--18990},
	year = {2020},
	journal = {Proceedings of the National Academy of Sciences}
}


@TECHREPORT {who,
    author      = "{World Health Organization}",
    title       = "{Air pollution and child health: prescribing clean air}",
    institution = "WHO",
    year        = "2018",
    number      = "WHO/CED/PHE/18.01",
    note        = "Available at \url{https://www.who.int/ceh/publications/air-pollution-child-health/en}"
}

@misc {stateof,
    author      = "{Health Effects Institute}",
    title       = "{State of Global Air 2019}",
    year        = "2019",
    note        = "Available at \url{https://www.stateofglobalair.org/sites/default/files/soga_2019_report.pdf}"
}

@TECHREPORT {Hale,
    author      = "Hale, T. and Angrist, N. and Boby, T. and others",
    title       = "{Variation in government responses to COVID-19}",
    institution = "Blavatnik School of Government",
    number      = "BSG-WP-2020/032, version 10",
    year        = "2020",
    note        = "Available at \url{https://www.bsg.ox.ac.uk/sites/default/files/2020-12/BSG-WP-2020-032-v10.pdf}"
}

@misc {gadm,
    title = "{GADM data}",
    year  = "2020",
    note   = "https://gadm.org/data.html"
}

@article{Mahato,
title = "Effect of lockdown amid COVID-19 pandemic on air quality of the megacity Delhi, India",
journal = "Science of The Total Environment",
volume = "730",
pages = "139086",
year = "2020",
author = "Susanta Mahato and Swades Pal and Krishna Gopal Ghosh"
}

@misc{Borneman,
    author = "Borneman, E.",
    title  = "{Rebounding Pollution Levels Mark End of Coronavirus Lockdowns}",
    year   = "2020",
    note    = "Available at \url{https://www.geographyrealm.com/rebounding-pollution-levels-mark-end-of-coronavirus-lockdowns}"
}

@ARTICLE {Kumar,
    author  = "Kumar, N. and Chu, A. and Foster, F.",
    title   = "{An empirical relationship between PM2.5 and aerosol optical depth in Delhi Metropolitan}",
    journal = "Atmos Environ",
    year    = "2011",
    volume  = "41",
    number  = "21",
    pages   = "4492--4503"
}

@TECHREPORT {Rees,
    author      = "Rees, N.",
    title       = "{Danger in the air: How air pollution may be affecting the brain development of young children around the world}",
    institution = "Data, Research and Policy Working Paper",
    year        = "2017",
    note        = "Available at \url{https://www.unicef.org/environment/files/Danger_in_the_Air.pdf}"
}
